696 1296
183 229 193 243 2
197 230 205 248 3
210 229 224 243 0
319 223 366 242 Par:
373 221 433 242 alten
441 236 446 242 .

153 257 209 273 turae
230 252 322 273 molestus
343 257 378 272 aut
398 249 556 275 incommodus,
576 257 614 272 ex»

152 281 214 309 pediti
238 283 258 303 ὃ(
278 281 356 306 educi,
372 281 406 301 nifi
426 287 473 301 cum
497 280 560 301 multa
580 287 614 301 eo-

153 310 356 332 rumdemvviscerum
373 310 458 331 laefione
479 317 520 330 non
539 315 614 338 queat.

153 338 230 360 Induffl
248 339 296 361 ver6
309 354 316 364 ,
334 340 389 361 velut
409 341 429 360 in
455 340 554 360 internum
571 346 615 367 par-

152 374 197 389 tum
213 382 220 392 ,
234 368 287 390 nisus
301 383 309 393 .
323 376 365 390 non
383 368 446 389 solum
463 368 539 389 foetum
549 367 614 389 visce-

152 398 206 418 :ibus
220 405 261 419 non
281 399 309 419 ira
334 397 450 419 immersum
468 413 475 422 ‚
495 397 528 418 sed
542 397 612 418 iisdem

151 427 207 448 velut
226 429 342 448 exteriorem
357 428 392 448 esse
410 427 522 450 ostendunt,
537 426 614 455 suisque

149 456 193 483 jam
210 456 220 477 Δ
241 456 328 477 latibulis
344 456 455 484 expeditum
472 463 480 475 :
499 462 541 477 tum
563 455 613 477 verb

151 485 259 512 peculiares
275 500 282 510 ,
297 492 318 507 ut
332 486 448 514 plerumque
461 485 526 506 ass‘oiet
536 499 542 508 ‚
558 485 613 506 exci-

152 515 189 534 tati
205 515 231 535 ab
244 515 277 535 iis.
286 516 424 536 cruciamentis
437 521 524 535 tumores
540 518 548 540 (
560 513 614 535 und&

153 550 178 563 ex
191 544 284 572 gravibus
299 544 427 572 preffiunibus
441 558 449 568 ,
463 550 505 564 aut-
514 543 556 571 ipso
571 544 614 570 jam

153 572 275 600 putrescente
287 572 341 594 foetu
358 587 365 596 ,
380 573 546 594 inflammationes
555 587 562 597 ,
579 573 614 593 ab·

151 600 221 622 sceffus
237 617 244 626 ,
266 601 395 629 disruptiones
418 602 521 623 succedere
541 617 548 626 ,
569 609 614 622 non

152 629 233 652 difficsse
252 631 302 656 est)
329 631 406 652 foetum
428 632 468 658 jam
496 630 614 652 extrinsecus

152 659 265 686 protrusum
280 661 316 681 effe
332 675 339 684 ,
355 668 378 682 ac
395 661 450 681 velut
470 660 614 681 subcutaneum

152 689 226 710 evafiss'e
243 703 250 713 ,
265 690 358 710 testantur
375 706 380 711 .
394 689 452 710 Tunc
475 690 535 718 igitur
549 690 615 710 secare

152 718 278 739 necessarlum
294 719 330 739 erit
352 725 360 738 .·
380 726 444 747 neque
469 720 511 739 ullo
533 719 613 747 quidem

138 748 143 751 '
153 753 257 768 momento
282 748 376 775 temporis
397 747 546 776 prorogandum
561 757 566 768 :
581 747 614 769 vel

152 777 166 797 fi
182 775 247 798 foetus
258 783 281 797 ex
297 777 380 805 aliquo,
395 777 428 798 ubi
443 778 557 801 accreverit,
571 782 613 797 aee-

151 807 203 826 rinae
217 805 327 833 appendicis
342 806 425 827 latibulo
437 807 458 826 in
473 812 561 827 ventrem
570 813 614 826 eru-

153 835 202 861 perit
216 848 223 858 ,
237 834 350 863 ibidemque
363 836 476 856 nutritionis
494 834 569 855 desessu
577 842 613 862 pe-

154 864 208 884 rierit
224 871 230 884 ι
248 864 280 884 vel
303 863 316 884 fi
332 864 353 884 in
369 863 430 891 ipsam
450 864 562 885 abdominis
577 871 614 885 ca-

152 899 211 913 veam
226 890 238 912 ὲ
253 892 365 919 primordiis
382 892 472 921 delapsus
484 908 491 917 ‚
516 892 560 914 suos
573 893 613 914 ibi-

153 921 198 942 dem
214 921 321 950 progress'us
338 921 417 943 sortitus
433 923 454 943 Iit
463 930 469 945 3
485 921 613 950 postmodum

152 957 242 979 :naturus
257 965 264 974 ‚
279 951 335 971 liberi
357 958 423 978 partus
446 950 522 972 dese'ciu
539 965 546 975 ,
568 950 613 972 sato

152 980 243 1001 cesserit:
259 978 288 1001 lfa
308 980 321 1000 si
343 980 423 1008 quidem
439 981 528 1001 veneratis
546 979 613 1001 foetus

152 1016 194 1030 non
209 1009 274 1030 adhuc
289 1009 314 1031 ad
323 1010 458 1030 maturitatem
473 1015 577 1037 perventus
584 1010 614 1034 sit;

152 1040 173 1059 &
188 1039 257 1059 vivens
267 1053 273 1062 ‚
290 1037 329 1067 qub
346 1039 412 1064 major
427 1038 488 1060 saflus
504 1054 510 1063 ,
525 1039 549 1059 eb
570 1038 614 1059 sae-

151 1067 216 1088 viores
237 1068 334 1089 cruciatus
351 1066 424 1089 inferat
438 1083 444 1093 ‚
466 1074 488 1089 ut
507 1067 558 1088 ferre
572 1075 615 1088 am-

151 1095 202 1124 plius
209 1096 275 1119 Mater
293 1104 336 1118 non
356 1103 414 1126 queat
429 1105 437 1122 ς,
463 1103 498 1120 aut
513 1098 573 1147 etiasm
588 1096 615 1119 ad

523 1134 542 1154 ip
552 1133 586 1148 am
